@article{burlando,
  title={The allocation of capital in rural credit markets},
  author={Burlando, Alfredo and Canidio, Andrea},
  journal={Journal of International Development},
  volume={28},
  number={8},
  pages={1381--1395},
  year={2016},
  publisher={Wiley Online Library}
}

@article{ksoll,
  title={Impact of Village Savings and Loan Associations: Evidence from a cluster randomized trial},
  author={Ksoll, Christopher and Lille{\o}r, Helene Bie and L{\o}nborg, Jonas Helth and Rasmussen, Ole Dahl},
  journal={Journal of Development Economics},
  volume={120},
  pages={70--85},
  year={2016},
  publisher={Elsevier}
}
 
@article{Kiiza,
  title={The Impact of Savings and Credit Cooperatives on Household Welfare: Evidence from {U}ganda},
  author={Kiiza, Barnabas and Omiat George },
  journal={Journal of Economics and Public Finance},
  volume={7},
  number={3},
  year={2021}
}

@article{Flynn,
  title={Are savings groups a livelihoods game changer for young people in {A}frica?},
  author={Flynn, Justin and Sumberg, James},
  journal={Development in Practice},
  volume={28},
  number={1},
  pages={51--64},
  year={2018},
  publisher={Taylor \& Francis}
}

@article{karlan,
  title={Impact of savings groups on the lives of the poor},
  author={Karlan, Dean and Savonitto, Beniamino and Thuysbaert, Bram and Udry, Christopher},
  journal={Proceedings of the National Academy of Sciences},
  volume={114},
  number={12},
  pages={3079--3084},
  year={2017},
  publisher={National Acad Sciences}
}

@article{tesfaye,
  title={Consumption smoothing and price enhancement motives for grain storage: empirical perspectives from rural {E}thiopia},
  author={Tesfaye, Wondimagegn and Gebremariam, Gebrelibanos},
  journal={Agricultural and Food Economics},
  volume={8},
  number={1},
  pages={25},
  year={2020},
  publisher={Springer}
}

@article{aggarwal,
  title={Grain today, gain tomorrow: Evidence from a storage experiment with savings clubs in {K}enya},
  author={Aggarwal, Shilpa and Francis, Eilin and Robinson, Jonathan},
  journal={Journal of Development Economics},
  volume={134},
  pages={1--15},
  year={2018},
  publisher={Elsevier}
}

@article{marguerie,
  title={Savings Facilitation or Capital Injection? Impacts and Spillovers of Livelihood Interventions in Post-Conflict {C}ôte {D'I}voire},
  author={Marguerie, Alicia and Premand, Patrick},
  journal={Policy Research Working Papers},
  number={10563},
  year={2023},
  publisher={The World Bank}
}

@article{goldberg,
  title={Banking the group: Impact of credit and linkages among {U}gandan savings groups},
  author={Burlando, Alfredo and Goldberg, Jessica and Etcheverry, Luciana},
  journal={University of Oregon Working Paper},
  year={2020},
}

@article{seep,
  title={Understanding the Impact
of Savings Groups},
  author={Gash, Megan},
  journal={The SEEP Network},
  year={2017},
}

@article{dupas,
  title={Why don't the poor save more? Evidence from health savings experiments},
  author={Dupas, Pascaline and Robinson, Jonathan},
  journal={American Economic Review},
  volume={103},
  number={4},
  pages={1138--1171},
  year={2013},
  publisher={American Economic Association}
}

@article{frisancho,
  title={Savings Groups, Risk Coping and Financial Inclusion in Rural Areas},
  author={ Frisancho, Veronica and Valdivia Martin},
  journal={IDB Publication, Working Papers},
  number = {10899},
  year={2020},
  publisher={Inter-American Development Bank}
}

@article{bundervoet,
  title={A Randomized Impact Evaluation of Village Savings and Loans Associations and Family-Based Interventions in {B}urundi},
  author={Annan, Jeannie and Bundervoet, Tom and Seban, Juliette and Costigan, Jaime},
  journal={Evaluation Report},
  year={2013},
  publisher={New York: International Rescue Committee}
}

@article{gash,
  title={The evidence-based story of savings groups: A synthesis of seven randomized control trials},
  author={Gash, Megan and Odell, Kathleen},
  journal={SEEP Network},
  pages={3613--3},
  year={2013},
}

@article{gardner,
  title={Two-stage differences in differences},
  author={Gardner, John},
  journal={arXiv preprint arXiv:2207.05943},
  year={2022}
}

@article{borusyak,
  title={Revisiting event-study designs: robust and efficient estimation},
  author={Borusyak, Kirill and Jaravel, Xavier and Spiess, Jann},
  journal={Review of Economic Studies},
  pages={rdae007},
  year={2024},
  publisher={Oxford University Press US}
}

@article{sun,
  title={Estimating dynamic treatment effects in event studies with heterogeneous treatment effects},
  author={Sun, Liyang and Abraham, Sarah},
  journal={Journal of Econometrics},
  volume={225},
  number={2},
  pages={175--199},
  year={2021},
  publisher={Elsevier}
}

@article{callaway,
  title={Difference-in-differences with multiple time periods},
  author={Callaway, Brantly and Sant’Anna, Pedro HC},
  journal={Journal of Econometrics},
  volume={225},
  number={2},
  pages={200--230},
  year={2021},
  publisher={Elsevier}
}

@article{roth,
  title={Efficient estimation for staggered rollout designs},
  author={Roth, Jonathan and Sant’Anna, Pedro HC},
  journal={Journal of Political Economy Microeconomics},
  volume={1},
  number={4},
  pages={669--709},
  year={2023},
  publisher={The University of Chicago Press Chicago, IL}
}

@article{beaman,
  title={Saving for a (not so) rainy day: A
randomized evaluation of savings groups in {M}ali},
  author={Beaman, Lori and Karlan, Dean and Thuysbaert, Bram},
  journal={Technical report, National Bureau of
Economic Research},
  year={2014}
}

@article{bass,
  title={Economic, social and mental health impacts of an economic intervention for female sexual violence survivors in {E}astern {D}emocratic {R}epublic of {C}ongo},
  author={Bass, J and Murray, S and Cole, G and Bolton, P and Poulton, C and Robinette, K and Seban, J and Falb, K and Annan, J},
  journal={Global Mental Health},
  year={2016},
  publisher={Cambridge University Press}  
}

@article{amponsah,
  title={The impact of women groundnut farmers’ participation in Village Savings and Loans Association (VSLA) in Northern {G}hana},
  author={Amponsah, Dennice and Awunyo-Vitor, Dadson and Wongnaa, Camillus Abawiera and Prah, Stephen and Sunday, Ogunleye Ayodeji and Acheampong, Patricia Pinamang},
  journal={Journal of Agriculture and Food Research},
  volume={11},
  year={2023},
  publisher={Elsevier}  
}

@article{goodman2021difference,
  title={Difference-in-differences with variation in treatment timing},
  author={Goodman-Bacon, Andrew},
  journal={Journal of econometrics},
  volume={225},
  number={2},
  pages={254--277},
  year={2021},
  publisher={Elsevier}
}